@ARTICLE{soriano_systematic_2011,
	TITLE = {A Systematic Review on Integration of Virtual Reality Simulations in Health Science Education},
	JOURNAL = {EDULEARN11 Proceedings},
	AUTHOR = {Soriano, J. V. Izquierdo and Rodriguez, M. E. Ezquerro and Rubio, F. Saigi and Coll, J. J. and Soler, J. Canela},
	YEAR = {2011},
	Pages = {6323--6328}
}

@ARTICLE{merchant_effectiveness_2014,
	TITLE = {Effectiveness of virtual reality-based instruction on students' learning outcomes in K-12 and higher education: A meta-analysis},
	Volume = {70},
	JOURNAL = {Computers \& Education},
	AUTHOR = {Merchant, Zahira and Goetz, Ernest T. and Cifuentes, Lauren and Keeney-Kennicutt, Wendy and Davis, Trina J.},
	YEAR = {2014},
	pages = {29--40}
}

@book{steve_2008,
	TITLE = {End-User Computing: Concepts, Methodologies, Tools, and Applications: Concepts, Methodologies, Tools, and Applications},
	PUBLISHER = {IGI Global},
	AUTHOR = {Steve, Clarke},
	Month = {Feb},
	YEAR = {2008}
}

@book{michael_emerging_2006,
	TITLE = {Emerging Technologies of Augmented Reality: Interfaces and Design: Interfaces and Design},
	PUBLISHER = {Idea Group Inc.},
	AUTHOR = {Michael, Haller},
	Month = {Nov},
	YEAR = {2006}
}

@book{packer_multimedia:_2001,
	TITLE = {Multimedia: From Wagner to Virtual Reality},
	PUBLISHER = {W. W. Norton \& Company},
	AUTHOR = {Packer, Randall and Jordan, Ken},
	YEAR = {2001}
}

@misc{iribe_over_2015,
	type = {microblog},
	TITLE = {Over 100k DK2's and tons of Gear VR's in the wild},
	Note = {https://twitter.com/brendaniribe/status/565888922362728449},
	JOURNAL = {@brendaniribe},
	author= {Iribe, Brendan},
	month = {Feb},
	year = {2015}
}

@misc{kelion_sonys_2015,
	TITLE = {Sony's Morpheus virtual reality helmet set for 2016 launch},
	Note = {http://www.bbc.com/news/technology-31723030},
	JOURNAL = {BBC News},
	AUTHOR = {Kelion, Leo},
	month = {Mar},
	YEAR = {2015}
}

@misc{kelion_htc_2015,
	TITLE = {HTC reveals virtual reality headset with Valve at MWC},
	Note = {http://www.bbc.com/news/technology-31664948},
	JOURNAL = {BBC News},
	AUTHOR = {Kelion, Leo},
	month = {Mar},
	YEAR = {2015}
}

@book{westwood_medicine_1998,
	TITLE = {Medicine Meets Virtual Reality: Art, Science, Technology: Healthcare (r)evolution},
	PUBLISHER = {IOS Press},
	AUTHOR = {Westwood, James D.},
	Month = {Jan},
	YEAR = {1998}
}

@ARTICLE{seymour_virtual_2002,
	TITLE = {Virtual Reality Training Improves Operating Room Performance},
	Volume = {236},
	Number = {4},
	JOURNAL = {Annals of Surgery},
	AUTHOR = {Seymour, Neal E. and Gallagher, Anthony G. and Roman, Sanziana A. and Oâ€™Brien, Michael K. and Bansal, Vipin K. and Andersen, Dana K. and Satava, Richard M.},
	Month = {Oct},
	YEAR = {2002},
	Pages = {458--464}
}

@ARTICLE{gallagher_virtual_2005,
	TITLE = {Virtual Reality Simulation for the Operating Room},
	Volume = {241},
	Number = {2},
	JOURNAL = {Annals of Surgery},
	AUTHOR = {Gallagher, Anthony G. and Ritter, E Matt and Champion, Howard and Higgins, Gerald and Fried, Marvin P. and Moses, Gerald and Smith, C Daniel and Satava, Richard M.},
	Month = {Feb},
	YEAR = {2005},
}
